@article{rise-of-bigdata,
	Author = {Ibrahim Abaker Targio Hashem et al},
	Year = {2014},
	Journal = {The rise of big data on cloud computing: Review and open research issues},
	Page = {99-100}, 
	Url = {https://www.acm.org/publications/authors/reference-formatting},
	Note = {Retrieved on 28/07/2017}
}

@article{rise-of-multicore,
	Author = {David Geer},
	Year = {2015}, 
	Journal = {Chip Makers Turn to Multicore Processors},
	Url = {http://ieeexplore.ieee.org/document/1430623/?part=1},
	Note = {Retrieved on 28/07/2017}
}

@article{challenge-distributed-sys,
	Author    = {Kamal Sheel Mistra, Anil Kumar Tripathi},
	Year = {2014},
	Journal   = {Some Issues, Challenges and Problems of Distribute Software System},
	Url		  = {http://ijcsit.com/docs/Volume%205/vol5issue04/ijcsit2014050420.pdf
	},
	Note = {Retrieved on 28/07/2017}
}

@article{google-tech-talk,
	Author = {Bob Pike},
	Year = {2005},
	Journal = {Google Tech Talk},
	Url = {http://9p.io/sources/contrib/ericvh/go-plan9/doc/go_talk-20091030.pdf},
	Note = {Retrieved on 28/07/2017}
	
}

@article{why-go,
	Author ={Kurt Guntheroth},
	Year = {2017},
	Journal = {Why did Google develop Go?},
	Url = {https://www.quora.com/Why-did-Google-develop-Go/},
	Note = {Retrieved on 29/07/2017}
}

@online{golang-org,
	Author = {golang.org},
	Title = {The Go Programming Language},
	Year = 1999,
	Url = {https://golang.org/},
	Note = {Retrieved on 29/07/2017}
}

@online{gcc-source,
	Author = {GCC Organization},
	Year = 2011, 
	Title = {Ada, Go and Objective-C++ are not default languages},
	Url = {https://gcc.gnu.org/install/configure.html},
	Note = {Retrieved on 29/07/2017}
}

@article{pure-con-programming,
	Author = {Benjamin J.L. Wang, Uwe R.Zimmer},
	Year = {2017},
	Journal = {Pure Concurrent Programming},
	Title = {College of Engineering and Computer Sciences The Australian National University},
	Url = {http://ieeexplore.ieee.org/abstract/document/7965126/?part=1
	},
	Note = {Retrieved on 29/07/2017}
}

@article{why-learn-go,
	Author = {Gaurav Varma},
	Year = 2017, 
	Title = {Go programming and why should you learn go?},
	Url = {http://www.cuelogic.com/blog/go-programming-and-why-should-you-learn-go/},
	Note = {Retrieve on 29/07/2017}
}

@online{golang-good-for,
	Author = {Long Huang},
    Year = 2016, 
    Title = {What is golang good for?},
    Url = {https://www.quora.com/What-is-golang-good-for},
    Note = {Retrieve on 29/07/2017}
}

@article{notation-concurrent-programming,
	Author = {Andrew G. R., Schneider F. B.},
	Year = 1983,
	Title = {Concept and Notation of Concurrent Programming},
	Journal = {Computing Surveys},
	DOI = {http://babel.ls.fi.upm.es/teaching/concurrencia/material/concepts_and_notations.pdf},
	pages = "1--2",
	Note = {Retrieve on 04/08/2017}	
}

@book{principles-concurrent-programming,
	Author = {M. Ben-Ari}, 
	Title = {Principle of Concurrent Programming},
	Publisher = {Pearson 2nd Edition},
	Year = 2005,
	ISBN = 9780321312839	
}

@book{computational-complexity,
	Author = {Papadimitriou, Christos H.},
	Title = {Computational Complexity},
	Publisher = {Addison-Wesley},
	Year = 1994,
	ISBN = 0201530821
}

@online{control-structures,
	Author = {Britannica}, 
	Year = 2017,
	Title = {Control Structures},
	URL = {https://www.britannica.com/technology/computer-programming-language/Control-structures#ref849883},
	Note = {Retrieved on 05/08/2017}
}

@article{sequential-vs-concurrent,
	Author = {Joe Armstrong},
	Year = 2013,
	Title = {Sequential vs Concurrent Programming Languages},
	Journal = {Programming Erlang 2nd Edition},
	ISBN = {9781941222454},
	DOI = {https://www.safaribooksonline.com/library/view/programming-erlang-2nd/9781941222454/f_0018.html}
}

@article{sequential-programming,
	Author = {Brian Harvey and Matthew Wright},
	Year = 1999,
	Title = {Sequential Programming},
	Journal = {Simply Scheme: Introducing Computer Science},
	Publisher = {MIT Press},
	ISBN = {9780262082815},
	DOI = {https://www.safaribooksonline.com/library/view/programming-erlang-2nd/9781941222454/f_0018.html}
}

@online{concurrency-revolution-in-sd,
	Author = {Herb Sutter}, 
	Year = 2005, 
	Title = {Will concurrency be the next revolution in software development?},
	Journal = {The Concurrency Notation},
	URL = {http://www.drdobbs.com/the-concurrency-revolution/184401916},
	Note = {Retrieved on 05/08/2017}
	
}

@online{concurrent-distributed-programming-in-future,
	Author = {Jan Stenberg},
	Year = 2017, 
	Title = {Concurrent and Distributed Programming in the Future},
	URL = {https://www.infoq.com/news/2017/03/distributed-programming-qcon},
	Note = {Retrieved on 06/08/2017}	
}

@article{oop-concurrent,
	Author = {Gul Agha},
	Year = 1990,
	Title = {Concurrent object-oriented programming},
	Journal = {Magazine Communications of the ACM},
	Pages = "125--141",
	DOI = {10.1145/83880.84528},
	URL = {http://dl.acm.org/citation.cfm?id=84528},
	Note = {Retrieved on 06/08/2017}	
}

@article{what-is-concurrent-programming,
	Author = {Theodore Norvell},
	Year = 2009,
	Title = {What is Concurrent Programming?},
	Pages = "1--2",
	URL = {http://www.engr.mun.ca/~theo/Courses/cp/pub/cp0.pdf},
	Note = {Retrieved on 06/08/2017}
}

@article{software-concurrency-revolution,
	Author = {Herb Sutter and James Larus},
	Title = {Software and Concurrency Revolution}, 
	Year = 2005,
	Journal = {Queue -- Multiprocessors},
	Pages = "59--60",
	DOI = {10.1145/1095408.1095421},
	URL = {http://dl.acm.org/citation.cfm?id=1095421},
	Note = {Retrieved on 06/08/2017}
		
}

@online{language-learn-2017,
	Author = {Tribaud}, 
	Year = 2017, 
	Title = {Top programming language to learn in 2017},
	URL = {https://www.codingame.com/blog/top-programming-languages-to-learn-in-2017},
	Note = {Retrieved on 07/08/2017}	
}

@article{concurrent-programming-concept,
	Author = {Horning J.J.},
	Year = 1978,
	Title = {Distributed Processes: A Concurrent Programming Concept},
	Journal = {Communication of the ACM},
	DOI = {10.1145/359642.359651},
	URL = {http://dl.acm.org/citation.cfm?id=359651},
	Note = {Retrieved on 07/08/2017}	
}

@online{expressiveness-of-go,
	Author = {Rob Pike},
	Year = 2010,
	Title = {Expressiveness of Go},
	Journal = {GOTO International Software Development},
	URL = {http://www.intercapedine.net/documenti/ExpressivenessOfGo.pdf},
	Note = {Retrieved on 07/08/2017}	
}

@online{radio-access-system-with-go,
	Author = {Forsby Filip and Persson Martin},
	Year = 2015,
	Title = {Evaluation of Golang for High Performance Scalable Radio Access Systems},
	URL = {http://www.diva-portal.org/smash/record.jsf?pid=diva2%3A873124&dswid=-8907#sthash.gj7rKTc5.dpbs},
	Note = {Retrieved on 07/08/2017}	
}

@article{text-processing-performance-with-go,
	Author = {Slavomir Polak and Tomas Pitner},
	Year = 2014,
	Title = {Text Processing Performance in Go Language},
	Pages = "149--152",
	URL = {http://www.cssi-morava.cz/new/doc/IT2014/sbornik.pdf#page=149},
	Note = {Retrieved on 08/08/2017}
}

@article{sliding-puzzle-game-with-go,
	Author = {Pravenda Singh},
	Year = 2015,
	Title = {Implementing an intelligent version of the
	classical sliding-puzzle game for unix terminals using Golang’s concurrency primitives},
	URL = {https://arxiv.org/pdf/1503.08345.pdf},
	Note = {Retrieved on 08/08/2017}	
}

@online{rust,
	Author = {Hoare},
	Year = 2013,
	Title = {The Rust programming language},
	URL = {http://www.rust-lang.org/},
	Note = {Retrieved on 08/08/2017}
	
}

@article{gpu-programming-with-rust,
	Author = {Eric Holk et al},
	Year = 2013,
	Title = {GPU Programming in Rust: Implementing High-level Abstractions in a Systems-level Language},
	Journal = {Indiana University},
	DOI = {10.1109/IPDPSW.2013.173},
	URL = {http://ieeexplore.ieee.org/abstract/document/6650903},
	Note = {Retrieved on 08/08/2017}	
}

@article{rust-patina,
	Author = {Eric Reed},
	Year = 2015,
	Title = {Patina:  A Formalization of the Rust Programming Language. University of Washington},
	URL = {https://www.cs.washington.edu/tr/2015/03/UW-CSE-15-03-02.pdf},
	Note = {Retrieved on 08/08/2017}	
}

@article{distributed-programming,
	Author = {Simon Marlow},
	Year = 2013,
	Title = {Distributed Programming},
	Journal = {Parallel and Concurrent Programming in Haskell},
	ISBN = {9781449335939},
	URL = {https://www.safaribooksonline.com/library/view/parallel-and-concurrent/9781449335939/ch14.html},
	Note = {Retrieved on 08/08/2017}	
}

@online{developer-survey-results,
	Author = {Stackoverflow},
	Year = 2016,
	Title = {II. Most Loved, Dreaded, and Wanted., Developer Survey Results},
	URL = {https://insights.stackoverflow.com/survey/2016},
	Note = {Retrieved on 08/08/2017}	
}

@online{error-handling-in-rust-go,
	Author = {Ty},
	Year = 2017,
	Title = {Rust vs Go Adventures in Error Handling},
	URL = {https://insights.stackoverflow.com/survey/2016},
	Note = {Retrieved on 08/08/2017}
}

@online{go-lang,
	Author = {golang.org},
	Year = 2017,
	Title = {The go programming language},
	URL = {https://golang.org/doc/},
	Note = {Retrieved on 08/08/2017}
}

@online{rust-lang,
	Author = {rustlang.org},
	Year = 2017,
	Title = {The rust programming language},
	URL = {https://www.rust-lang.org/en-US/},
	Note = {Retrieved on 08/08/2017}
}

@book{intro-to-go,
	Author = {Caleb Doxsey},
	Year = 2017,
	Title = {Concurrency},
	Series = {An Introduction to Programming in Go},
	URL = {https://www.golang-book.com/books/intro/10},
	Note = {Retrieved on 08/08/2017} 	
}

@online{rust-memory-guarantees,
	Author = {Chua Yong Wen},
	Year = 2017,
	Title = {Appreciating Rust’s Memory Safety Guarantees},
	URL = {https://blog.gds-gov.tech/appreciating-rust-memory-safety-438301fee097},
	Note = {Retrieved on 09/08/2017}
}

@online{rust-vs-go-news,
	Author = {Hackernews},
	Year = 2017,
	Title = {Rust vs Go},
	URL = {https://news.ycombinator.com/item?id=13430108},
	Note = {Retrieved on 09/08/2017}
}

@article{comparing-usability-language,
	Author = {Sebastian Nanz et al},
	Year = 2013,
	Title = {Design of an empirical study for comparing the usability of concurrent programming languages},
	Journal = {Information of Software Technology},
	Volume = "55",
	Number = "7",
	Pages = "1304-1315",
	URL = {http://www.sciencedirect.com/science/article/pii/S0950584912001802},
	Note = {Retrieved on 09/08/2017} 	
}

@article{embedding-among-languages,
	Author = {Ehud Shapiro},
	Year = 2006,
	Title = {Embeddings among concurrent programming languages (Preliminary Version)},
	Journal = {Lecture Notes in Computer Science},
	Volume = "630",
	URL = {https://link.springer.com/chapter/10.1007%2FBFb0084811?LI=true},
	Note = {Retrieved on 09/08/2017} 	
}

@article{separate-languages-with-categories,
	Author = {Ehud Shapiro},
	Year = 2006,
	Title = {Separating Concurrent Languages with Categories of Language Embeddings},
	URL = {https://pdfs.semanticscholar.org/7d2a/9a3954922741472f5ff06d2c1dafb258420e.pdf},
	Note = {Retrieved on 09/08/2017} 	
}

@article{family-of-concurrency-languages,
	Author = {Ehud Shapiro},
	Year = 1989,
	Title = {The family of concurrency programming languages},
	Journal = {ACM Computing Surveys (CSUR)},
	Volume = "21",
	Number = "3",
	Pages = "413--510",
	URL = {http://dl.acm.org/citation.cfm?id=72555},
	Note = {Retrieved on 10/08/2017} 		
}

@article{methodology-concurrent-object,
	Author = {Maurice Herlihy},
	Year = 1993,
	Title = {A methodology for implementing highly concurrent data objects},
	Journal = {ACM Transactions on Programming Languages and Systems (TOPLAS)},
	Volume = "15",
	Number = "5",
	DOI = {10.1145/161468.161469},
	URL = {http://dl.acm.org/citation.cfm?id=161469},
	Note = {Retrieved on 13/08/2017} 		
}

@article{framework-classifying-language,
	Author = {Nenad Medvidovic and Richard N. Taylor},
	Year = 1997,
	Title = {A framework for classifying and comparing architecture description languages},
	Journal = {ACM SIGSOFT Software Engineering Notes Homepage},
	Volume = "22",
	Number = "6",
	Pages = "60--76",
	DOI = {10.1145/267896.267903},
	URL = {http://dl.acm.org/citation.cfm?id=267903},
	Note = {Retrieved on 13/08/2017} 		
}

@article{concurrent-programming-survey,
	Author = {Stotts  P.D. },
	Year = 1982,
	Title = {A  Comparative  Survey  of Concurrent  Programming  Languages},
	Journal = {ACM  SIGPLAN },
	Volume = "17",
	Pages = "50--61",
	DOI = {10.1109/2.73},
	URL = {http://research.cs.queensu.ca/home/cordy/cisc860/Biblio/drb/CE/stotts82.pdf},
	Note = {Retrieved on 15/08/2017} 		
}

@article{compare-explicit-implicit-concurrent-language,
	Author = {Vincent W.F.},
	Year = 1996,
	Title = {A Comparison of Implicit and Explicit Parallel Programming},
	Journal = {Journal of Parallel and Distributed Computing},
	Volume = "34",
	Number = "1",
	Pages = "50--65",
	URL = {http://www.sciencedirect.com/science/article/pii/S0743731596900453},
	Note = {Retrieved on 15/08/2017} 		
}

@article{compare-parallel-functional-languages,
	Author = {H.W. Loidl},
	Year = 2003,
	Title = {Comparing Parallel Functional Languages: Programming and Performance},
	Journal = {Higher-Order and Symbolic Computation},
	Volume = "16",
	Number = "3",
	Pages = "203--251",
	DOI = {10.1023/A:1025641323400},
	URL = {http://dl.acm.org/citation.cfm?id=940872},
	Note = {Retrieved on 15/08/2017} 		
}

@online{postgre-tutorial,
	Year = 2017,
	Title = {What is PostgreSQL?},
	Journal = {PostgreSQL Tutorial},
	URL = {http://www.postgresqltutorial.com/what-is-postgresql/},
	Note = {Retrieved on 18/08/2017}
}

@article{mvcc-survey,
	Author = {Dibyendu Majumdar},
	Year = 2006,
	Title = {A Quick Survey of MultiVersion Concurrency Algorithms},
	Journal = {MVCC Survey},
	URL = {forge.ow2.org/docman/view.php/237/132/mvcc-survey.pdf},
	Note = {Retrieved on 19/08/2017} 		
}

@article{telegraphCQ-processing,
	Author = {Sirish et al},
	Year = 2003,
	Title = {TelegraphCQ: continuous dataflow processing},
	Journal = {SIGMOD '03 Proceedings of the 2003 ACM SIGMOD international conference on Management of data},
	Pages = "668",
	DOI = {10.1145/872757.872857},
	URL = {http://dl.acm.org/citation.cfm?id=872857},
	Note = {Retrieved on 19/08/2017} 		
}

@article{postgre-performance,
	Author = {George et al},
	Year = 2011,
	Title = {Predictable performance and high query concurrency for data Analytics},
	Journal = {The VLDB Journal},
	Pages = "227--248",
	DOI = {10.1007/s00778-011-0221-2},
	URL = {http://delivery.acm.org.proxyvlib.mmu.edu.my/10.1145/1970000/1969355/778_2011_Article_221.pdf?ip=203.106.62.29&id=1969355&acc=ACTIVE%20SERVICE&key=69AF3716A20387ED%2EE854CB4DB8D6D408%2E4D4702B0C3E38B35%2E4D4702B0C3E38B35&CFID=801067487&CFTOKEN=72015032&__acm__=1503554298_5a4d19e623542c1086bd72577837f01a#URLTOKEN#},
	Note = {Retrieved on 19/08/2017} 		
}

@article{difference-unix,
	Author = {Simon Hoare},
	Year = 2012,
	Title = {What is the difference between Unix, Linux and Ubuntu?},
	Journal = {Ask Ubuntu Forum},
	URL = {https://askubuntu.com/questions/183723/whats-the-difference-between-unix-linux-and-ubuntu},
	Note = {Retrieved on 08/09/2017} 		
}

@article{ubuntu-secure-than-window,
	Author = {Invert},
	Year = 2010,
	Title = {Why is Ubuntu is more secure than Windows or Mac OS X?},
	Journal = {Ask Ubuntu Forum},
	URL = {https://askubuntu.com/questions/1069/why-is-ubuntu-more-secure-than-windows-or-mac-os-x
	},
	Note = {Retrieved on 08/09/2017} 		
}

@article{linux-secure-than-window,
	Author = {Katherine Noyes},
	Year = 2017,
	Title = {Why Linux is more secure than Windows?},
	Journal = {Linux Line},
	URL = {https://www.pcworld.com/article/202452/why_linux_is_more_secure_than_windows.html},
	Note = {Retrieved on 08/09/2017} 		
}

@article{difference-unix-msdos,
	Author = {James McInnes},
	Year = 2015,
	Title = {What are key differences between Unix and MS-DOS?},
	Journal = {Programming language comparisons},
	URL = {https://www.quora.com/What-are-the-key-differences-between-Unix-and-MS-DOS},
	Note = {Retrieved on 08/09/2017} 		
}

@article{what-is-psql,
	Author = {PostgreSQL Global Development Group},
	Year = 2017,
	Title = {What is PostgreSQL?},
	Journal = {PostgreSQL 9.5.9 Documentation: Preface.},
	URL = {https://www.postgresql.org/docs/9.5/static/intro-whatis.html},
	Note = {Retrieved on 08/09/2017} 		
}

@article{psql-contributor,
	Author = {PostgreSQL Global Development Group},
	Year = 2017,
	Title = {Contributor Profiles},
	Journal = {PostgreSQL Documentation},
	URL = {https://www.postgresql.org/community/contributors/},
	Note = {Retrieved on 08/09/2017} 		
}

@article{psql-concurrency,
	Author = {PostgreSQL Global Development Group},
	Year = 2017,
	Title = {Concurrency Control},
	Journal = {Introduction},
	URL = {https://www.postgresql.org/docs/9.5/static/mvcc-intro.html},
	Note = {Retrieved on 10/09/2017} 		
}

@article{psql-mvcc,
	Author = {PostgreSQL Global Development Group},
	Year = 2017,
	Title = {PostgreSQL Concurrency with MVCC},
	Journal = {How MVCC Works},
	URL = {https://devcenter.heroku.com/articles/postgresql-concurrency},
	Note = {Retrieved on 10/09/2017} 		
}

@article{psql-web-interface,
	Author = {PostgreSQL Global Development Group},
	Year = 2017,
	Title = {Open Source Web Interface for PostgreSQL},
	URL = {http://www.postgresqlstudio.org/},
	Note = {Retrieved on 10/09/2017} 		
}

@article{psql-linux-dl,
	Author = {PostgreSQL Global Development Group},
	Year = 2017,
	Title = {Linux Downloads},
	Journal = {PostgreSQL Support Documentation},
	URL = {https://www.postgresql.org/download/linux/ubuntu/},
	Note = {Retrieved on 10/09/2017} 		
}

@article{tiobe-go,
	Author = {Tiobe Software BV},
	Year = 2017,
	Title = {The Go Programming Language},
	Journal = {TIOBE Index},
	URL = {https://www.tiobe.com/tiobe-index/go/},
	Note = {Retrieved on 11/09/2017} 		
}

@article{stackoverflow-rust,
	Author = {Stackoverflow},
	Year = 2017,
	Title = {Most love programming language},
	Journal = {Developer Survey Results 2017},
	URL = {https://insights.stackoverflow.com/survey/2017},
	Note = {Retrieved on 11/09/2017} 		
}

@article{go-csp,
	Author = {Arild Nilsen},
	Year = 2017,
	Title = {Communication Sequential Process (CSP)},
	Journal = {An alternative to the actor model},
	URL = {https://arild.github.io/csp-presentation/},
	Note = {Retrieved on 11/09/2017} 		
}

@article{go-problem,
	Author = {Will Yager},
	Year = 2017,
	Title = {The problem},
	Journal = {Why Go is no good},
	URL = {http://yager.io/programming/go.html},
	Note = {Retrieved on 11/09/2017} 		
}

@article{rust-actor-model,
	Author = {Techopedia},
	Year = 2017,
	Title = {Actor Model},
	Journal = {Programming Tools},
	URL = {https://www.techopedia.com/definition/25150/actor-model},
	Note = {Retrieved on 11/09/2017} 		
}

@article{why-use-rust,
	Author = {Ticki},
	Year = 2016,
	Title = {Why should I use RUST?},
	Journal = {The RUST programming language},
	URL = {https://www.reddit.com/r/rust/comments/4l44z3/why_should_i_use_rust/},
	Note = {Retrieved on 11/09/2017} 		
}

@article{rust-not-oop,
	Author = {Rust-lang organization},
	Year = 2017,
	Title = {How do I map object-oriented concepts to Rust?},
	Journal = {Design Patterns},
	URL = {https://www.rust-lang.org/en-US/faq.html#how-do-i-map-object-oriented-concepts-to-rust},
	Note = {Retrieved on 11/09/2017} 		
}

@article{printf-bad,
	Author = {Spehro Pefhany},
	Year = 2014,
	Title = {Why is printf() bad for debugging embedded systems?},
	Journal = {Electrical Engineering Stack Exchange},
	URL = {https://electronics.stackexchange.com/questions/105283/why-is-printf-bad-for-debugging-embedded-systems},
	Note = {Retrieved on 11/09/2017} 		
}

@article{what-is-tracing,
	Author = {The LTTng project},
	Year = 2017,
	Title = {What is tracing?},
	Journal = {Trace Compass Documentation},
	URL = {http://lttng.org/docs/v2.9/#doc-what-is-tracing},
	Note = {Retrieved on 11/09/2017} 		
}

@article{welcome-lttng,
	Author = {The LTTng project},
	Year = 2017,
	Title = {Welcome},
	Journal = {Trace Compass Documentation},
	URL = {http://lttng.org/docs/v2.10/},
	Note = {Retrieved on 11/09/2017} 		
}

@article{logger-lttng,
	Author = {The LTTng project},
	Year = 2017,
	Title = {LTTng Logger},
	Journal = {Trace Compass Documentation},
	URL = {http://lttng.org/docs/v2.10/#doc-proc-lttng-logger-abi},
	Note = {Retrieved on 11/09/2017} 		
}

@article{what-is-debugger,
	Author = {Tutorialpoint},
	Year = 2017,
	Title = {What is GNU Debugger?},
	Journal = {How GDB debugs?},
	URL = {https://www.tutorialspoint.com/gnu_debugger/what_is_gdb.htm},
	Note = {Retrieved on 11/09/2017} 		
}

@article{eclipse-ctf,
	Author = {Eclipse Organization},
	Year = 2017,
	Title = {Features},
	Journal = {Eclipse Trace Compass Documentation},
	URL = {http://archive.eclipse.org/tracecompass/doc/stable/org.eclipse.tracecompass.doc.user/Overview.html#About_Tracing},
	Note = {Retrieved on 11/09/2017} 		
}

@article{go1.8-changelog, 
	Author = {Golang organization},
	Year = 2017, 
	Title = {Performance},
	Journal = {Go 1.8 Release Notes}, 
	URL = {https://golang.org/doc/go1.8#performance}, 
	Note = {Retrieved on 18/09/2017}
	
}

@article{data-completeness-check, 
	Author = {Tutorialspoint},
	Year = 2017, 
	Title = {Data Profile Validation},
	Journal = {ETL Testing - Data Completeness}, 
	URL = {https://www.tutorialspoint.com/etl_testing/etl_testing_data_completeness.htm}, 
	Note = {Retrieved on 03/02/2018}
	
}

@article{data-redundancy-definition, 
	Author = {Techopedia},
	Year = 2018, 
	Title = {Data Redundancy},
	Journal = {Unified Communication}, 
	URL = {https://www.techopedia.com/definition/18707/data-redundancy}, 
	Note = {Retrieved on 03/02/2018}
}

@article{data-encoding-definition, 
	Author = {Margaret Rouse},
	Year = 2005, 
	Title = {Encoding and Decoding},
	Journal = {Programming}, 
	URL = {http://searchnetworking.techtarget.com/definition/encoding-and-decoding}, 
	Note = {Retrieved on 03/02/2018}
}

@article{sed-usage, 
	Author = {Justin Eillingwood},
	Year = 2013, 
	Title = {The Basics of Using the Sed Stream Editor to Manipulate Text in Linux },
	Journal = {Linux Basics and Commands}, 
	URL = {https://www.digitalocean.com/community/tutorials/the-basics-of-using-the-sed-stream-editor-to-manipulate-text-in-linux}, 
	Note = {Retrieved on 03/02/2018}
}

@article{data-transformation-definition, 
	Author = {MuleSoft},
	Year = 2018, 
	Title = {Data Transformation},
	Journal = {SQA Resources}, 
	URL = {https://www.mulesoft.com/resources/esb/data-transformation}, 
	Note = {Retrieved on 03/02/2018}
}

@article{orm-introduction, 
	Author = {Satis},
	Year = 2009, 
	Title = {Introduction},
	Journal = {What is an ORM and where can I learn about it}, 
	URL = {https://stackoverflow.com/questions/1279613/what-is-an-orm-and-where-can-i-learn-more-about-it}, 
	Note = {Retrieved on 03/02/2018}
}

@article{data-cleaning-definition, 
	Author = {Experian},
	Year = 2014, 
	Title = {What is Data Cleansing},
	Journal = {Data Cleansing}, 
	URL = {https://www.edq.com/uk/glossary/data-cleansing/}, 
	Note = {Retrieved on 03/02/2018}
}

@article{normalization-benefits, 
	Author = {Vikrant Oberoi},
	Year = 2017, 
	Title = {What is data redundancy in a DBMS? What is a simple explanation?},
	Journal = {Database management software of Quora}, 
	URL = {https://www.quora.com/What-is-data-redundancy-in-a-DBMS-What-is-a-simple-explanation}, 
	Note = {Retrieved on 04/02/2018}
}

@article{data-migration-definition, 
	Author = {Margaret Rouse},
	Year = 2017, 
	Title = {Definition},
	Journal = {data migration}, 
	URL = {http://searchstorage.techtarget.com/definition/data-migration}, 
	Note = {Retrieved on 04/02/2018}
}


























	




	













